<?xml version="1.0" encoding="UTF-8"?>
<record xmlns="http://www.loc.gov/MARC21/slim" xmlns:xsi="http://www.w3.org/2001/XMLSchema-instance" xsi:schemaLocation="http://www.loc.gov/MARC21/slim http://www.loc.gov/standards/marcxml/schema/MARC21slim.xsd">
<leader>00000cam a22      a 4500</leader>
<controlfield tag="001">001917995</controlfield>
<controlfield tag="003">NNU</controlfield>
<controlfield tag="005">20150710162543.0</controlfield>
<controlfield tag="008">921109s1988    ir       b   f000 0 ara</controlfield>
<datafield tag="010" ind1=" " ind2=" ">
<subfield code="a">   90930385</subfield>
</datafield>
<datafield tag="035" ind1=" " ind2=" ">
<subfield code="a">(OCoLC)30478430</subfield>
<subfield code="z">(OCoLC)24827214</subfield>
</datafield>
<datafield tag="040" ind1=" " ind2=" ">
<subfield code="a">DLC-R</subfield>
<subfield code="b">eng</subfield>
<subfield code="c">DLC</subfield>
<subfield code="d">OCLCO</subfield>
<subfield code="d">OCLCA</subfield>
<subfield code="d">OCLCQ</subfield>
<subfield code="d">OCLCO</subfield>
<subfield code="d">OCLCF</subfield>
<subfield code="d">NNU</subfield>
</datafield>
<datafield tag="050" ind1="0" ind2="0">
<subfield code="a">BP193.1.A2</subfield>
<subfield code="b">M33 1988</subfield>
</datafield>
<datafield tag="100" ind1="1" ind2=" ">
<subfield code="6">880-01</subfield>
<subfield code="a">Majlisī, Muḥammad Bāqir ibn Muḥammad Taqī,</subfield>
<subfield code="d">1627 or 1628-approximately 1699.</subfield>
</datafield>
<datafield tag="240" ind1="1" ind2="0">
<subfield code="6">880-02</subfield>
<subfield code="a">Biḥār al-anwār.</subfield>
<subfield code="k">Selections</subfield>
</datafield>
<datafield tag="245" ind1="1" ind2="0">
<subfield code="6">880-03</subfield>
<subfield code="a">Sharḥ Nahj al-balāghah :</subfield>
<subfield code="b">al-muqtaṭaf min Biḥār al-anwār /</subfield>
<subfield code="c">lil-Majlisī ; istikhrāj wa tanẓīm ʻAlī Anṣāriyān ; taṣḥīḥ Murtaḍá Ḥājʻalī Fard.</subfield>
</datafield>
<datafield tag="250" ind1=" " ind2=" ">
<subfield code="6">880-04</subfield>
<subfield code="a">al-Ṭabʻah 1.</subfield>
</datafield>
<datafield tag="260" ind1=" " ind2=" ">
<subfield code="6">880-05</subfield>
<subfield code="a">[Tehran] :</subfield>
<subfield code="b">Wizārat al-Thaqāfah wa-al-Irshād al-Islāmī, al-Dāʼirah al-ʻĀmmah lil-Nashr wa-al-Iʻlām,</subfield>
<subfield code="c">1408 [1988]</subfield>
</datafield>
<datafield tag="300" ind1=" " ind2=" ">
<subfield code="a">3 volumes ;</subfield>
<subfield code="c">25 cm</subfield>
</datafield>
<datafield tag="336" ind1=" " ind2=" ">
<subfield code="a">text</subfield>
<subfield code="b">txt</subfield>
<subfield code="2">rdacontent</subfield>
</datafield>
<datafield tag="337" ind1=" " ind2=" ">
<subfield code="a">unmediated</subfield>
<subfield code="b">n</subfield>
<subfield code="2">rdamedia</subfield>
</datafield>
<datafield tag="338" ind1=" " ind2=" ">
<subfield code="a">volume</subfield>
<subfield code="b">nc</subfield>
<subfield code="2">rdacarrier</subfield>
</datafield>
<datafield tag="504" ind1=" " ind2=" ">
<subfield code="a">Includes bibliographical references.</subfield>
</datafield>
<datafield tag="505" ind1="0" ind2=" ">
<subfield code="6">880-06</subfield>
<subfield code="a">al-mujallad 1-2. al-Khuṭab -- al-mujallad 3. al-Rasāʼil wa-al-ḥikam.</subfield>
</datafield>
<datafield tag="600" ind1="1" ind2="0">
<subfield code="6">880-07</subfield>
<subfield code="a">Sharīf al-Raḍī, Muḥammad ibn al-Ḥusayn,</subfield>
<subfield code="d">969 or 970-1016.</subfield>
<subfield code="t">Nahj al-balāghah.</subfield>
</datafield>
<datafield tag="600" ind1="0" ind2="0">
<subfield code="6">880-08</subfield>
<subfield code="a">ʻAlī ibn Abī Ṭālib,</subfield>
<subfield code="c">Caliph,</subfield>
<subfield code="d">approximately 600-661</subfield>
<subfield code="x">Hadith.</subfield>
</datafield>
<datafield tag="650" ind1=" " ind2="0">
<subfield code="a">Hadith (Shiites)</subfield>
<subfield code="v">Commentaries</subfield>
<subfield code="v">Early works to 1800.</subfield>
</datafield>
<datafield tag="600" ind1="0" ind2="7">
<subfield code="a">ʻAlī ibn Abī Ṭālib,</subfield>
<subfield code="c">Caliph,</subfield>
<subfield code="d">approximately 600-661.</subfield>
<subfield code="2">fast</subfield>
<subfield code="0">(OCoLC)fst01804105</subfield>
</datafield>
<datafield tag="630" ind1="0" ind2="7">
<subfield code="a">Nahj al-balāghah (Sharīf al-Raḍī, Muḥammad ibn al-Ḥusayn)</subfield>
<subfield code="2">fast</subfield>
<subfield code="0">(OCoLC)fst01368261</subfield>
</datafield>
<datafield tag="650" ind1=" " ind2="7">
<subfield code="a">Hadith.</subfield>
<subfield code="2">fast</subfield>
<subfield code="0">(OCoLC)fst00950112</subfield>
</datafield>
<datafield tag="650" ind1=" " ind2="7">
<subfield code="a">Hadith (Shiites)</subfield>
<subfield code="2">fast</subfield>
<subfield code="0">(OCoLC)fst00950138</subfield>
</datafield>
<datafield tag="655" ind1=" " ind2="7">
<subfield code="a">Commentaries.</subfield>
<subfield code="2">fast</subfield>
<subfield code="0">(OCoLC)fst01423723</subfield>
</datafield>
<datafield tag="655" ind1=" " ind2="7">
<subfield code="a">Early works.</subfield>
<subfield code="2">fast</subfield>
<subfield code="0">(OCoLC)fst01411636</subfield>
</datafield>
<datafield tag="700" ind1="1" ind2=" ">
<subfield code="6">880-09</subfield>
<subfield code="a">Anṣāriyān, ʻAlī.</subfield>
</datafield>
<datafield tag="700" ind1="1" ind2=" ">
<subfield code="6">880-10</subfield>
<subfield code="a">Fard, Murtaḍá Ḥājʻalī.</subfield>
</datafield>
<datafield tag="776" ind1="0" ind2="8">
<subfield code="i">Online version:</subfield>
<subfield code="a">Majlisī, Muḥammad Bāqir ibn Muḥammad Taqī, 1627 or 8-approximately 1699.</subfield>
<subfield code="s">Biḥār al-anwār. Selections.</subfield>
<subfield code="t">Sharḥ Nahj al-balāghah.</subfield>
<subfield code="b">al-Ṭabʻah 1.</subfield>
<subfield code="d">[Tehran] : Wizārat al-Thaqāfah wa-al-Irshād al-Islāmī, al-Dāʼirah al-ʻĀmmah lil-Nashr wa-al-Iʻlām, 1408 [1988]</subfield>
<subfield code="w">(OCoLC)551615672</subfield>
</datafield>
<datafield tag="776" ind1="0" ind2="8">
<subfield code="i">Online version:</subfield>
<subfield code="a">Majlisī, Muḥammad Bāqir ibn Muḥammad Taqī, 1627 or 8-approximately 1699.</subfield>
<subfield code="s">Biḥār al-anwār. Selections.</subfield>
<subfield code="t">Sharḥ Nahj al-balāghah.</subfield>
<subfield code="b">al-Ṭabʻah 1.</subfield>
<subfield code="d">[Tehran] : Wizārat al-Thaqāfah wa-al-Irshād al-Islāmī, al-Dāʼirah al-ʻĀmmah lil-Nashr wa-al-Iʻlām, 1408 [1988]</subfield>
<subfield code="w">(OCoLC)609360775</subfield>
</datafield>
<datafield tag="880" ind1="1" ind2=" ">
<subfield code="6">100-01/</subfield>
<subfield code="a">مجلسي، محمد باقر بن محمد تقي.</subfield>
</datafield>
<datafield tag="880" ind1="1" ind2="0">
<subfield code="6">240-02/</subfield>
<subfield code="a">بحار الانوار.</subfield>
<subfield code="k">Selections</subfield>
</datafield>
<datafield tag="880" ind1="1" ind2="0">
<subfield code="6">245-03/</subfield>
<subfield code="a">شرح نهج البلاغة :</subfield>
<subfield code="b">المقتطف من بحار الانوار /</subfield>
<subfield code="c">للمجلسي ؛ استخراج وتنظيم علي انصاريان ؛ تصحيح مرتضى حاجعلي فرد.</subfield>
</datafield>
<datafield tag="880" ind1=" " ind2=" ">
<subfield code="6">250-04/</subfield>
<subfield code="a">الطبعة 1.</subfield>
</datafield>
<datafield tag="880" ind1=" " ind2=" ">
<subfield code="6">260-05/</subfield>
<subfield code="a">[طهران] :</subfield>
<subfield code="b">وزارة الثقافة والارشاد الاسلامي، الدائرة العامة للنشر والاعلام،</subfield>
<subfield code="c">1408 [1988].</subfield>
</datafield>
<datafield tag="880" ind1="0" ind2=" ">
<subfield code="6">505-06/</subfield>
<subfield code="a">المجلد 12. الخطب المجلد 3. الرسائل والحكم.</subfield>
</datafield>
<datafield tag="880" ind1="1" ind2="4">
<subfield code="6">600-07/</subfield>
<subfield code="a">شريف الراضي، محمد بن الحسين.</subfield>
<subfield code="t">نهج البلاغة.</subfield>
</datafield>
<datafield tag="880" ind1="0" ind2="4">
<subfield code="6">600-08/</subfield>
<subfield code="a">علي بن ابي طالب.</subfield>
</datafield>
<datafield tag="880" ind1="1" ind2=" ">
<subfield code="6">700-09/</subfield>
<subfield code="a">انصاريان، علي.</subfield>
</datafield>
<datafield tag="880" ind1="1" ind2=" ">
<subfield code="6">700-10/</subfield>
<subfield code="a">فرد، مرتضى، حاجعلي.</subfield>
</datafield>
<datafield tag="OWN" ind1=" " ind2=" ">
<subfield code="a">GENERAL</subfield>
</datafield>
<datafield tag="AVA" ind1=" " ind2=" ">
<subfield code="a">NYU50</subfield>
<subfield code="b">BOBST</subfield>
<subfield code="c">Main Collection</subfield>
<subfield code="d">BP193.26 .M34 1988</subfield>
<subfield code="e">available</subfield>
<subfield code="t">Available</subfield>
<subfield code="f">3</subfield>
<subfield code="g">0</subfield>
<subfield code="h">Y</subfield>
<subfield code="i">0</subfield>
<subfield code="j">MAIN</subfield>
<subfield code="k">0</subfield>
</datafield>
</record>
